@misc{ web:irpf,
       author = "Ministerio de Trabajo, Migraciones y Seguridad Social",
       title = "Bases y tipos de cotización 2019",
       year = "2019",
       url = "http://www.seg-social.es/wps/portal/wss/internet/Trabajadores/CotizacionRecaudacionTrabajadores/36537",
       note = "[Internet; descargado 11-febrero-2019]"
}

@misc{ web:irpf2,
       author = "Herramientas financieras - Calculadora IRPF",
       title = "CincoDías",
       year = "2019",
       url = "https://cincodias.elpais.com/herramientas/calculadora-irpf/",
       note = "[Internet; descargado 11-febrero-2019]"
}

@misc{ web:ieee830,
       author = "IEEE Standards Association",
       title = "IEEE 830-1998 - IEEE Recommended Practice for Software Requirements Specifications",
       year = "2019",
       url = "https://standards.ieee.org/standard/830-1998.html",
       note = "[Internet; descargado 11-febrero-2019]"
}

@misc{ web:mvc,
       author = "codigofacilito",
       title = "MVC (Model, View, Controller) Explicado",
       year = "2019",
       url = "https://codigofacilito.com/articulos/mvc-model-view-controller-explicado",
       note = "[Internet; descargado 11-febrero-2019]"
}

@misc{ web:cc,
       author = "CreativeCommons",
       title = "Creative Commons Global Summit 2019",
       year = "2019",
       url = "https://creativecommons.org/",
       note = "[Internet; descargado 11-febrero-2019]"
}
