@misc{ web:01docNet,
       author = "Microsoft",
       title = "Información general acerca de .NET Framework",
       year = "2018",
       url = "https://docs.microsoft.com/es-es/dotnet/framework/get-started/overview",
       note = "[Internet; descargado 30-enero-2019]",
}

@misc{ web:02bd,
       author = "DevCode",
       title = "¿Qué es y por qué aprender SQL?",
       year = "2018",
       url = "https://devcode.la/blog/que-es-sql/",
       note = "[Internet; descargado 30-enero-2019]",
}

@misc{ web:03sql,
       author = "Definicion.de",
       title = "Definición de SQL",
       year = "2018",
       url = "https://definicion.de/sql/",
       note = "[Internet; descargado 30-enero-2019]",
}

@misc{ web:04ibmCom,
       author = "IBM",
       title = "Comunicación serie",
       year = "2019",
       url = "https://www.ibm.com/support/knowledgecenter/es/ssw_aix_72/com.ibm.aix.networkcomm/asynch_serialcomm.htm",
       note = "[Internet; descargado 31-enero-2019]"
}

@misc{ web:05uart,
       author = "Geeky Theory",
       title = "Puertos y Buses 1: I2C y UART",
       year = "2019",
       url = "https://geekytheory.com/puertos-y-buses-1-i2c-y-uart",
       note = "[Internet; descargado 13-enero-2019]"
}

@TechReport{06tfgRuben,
author = {Rubén Zambrana Rodríguez},
title = {Diseño, construcción y control de una planta de laboratorio para la regulación de temperatura y caudal de aire},
institution = {Grado de Electrónica Industrial y Automática - Universidad de Burgos},
year = 2017},
OPTkey = {•},
OPTtype = {•},
OPTnumber = {•},
OPTaddress = {•},
OPTmonth = {•},
OPTnote = {•},
OPTannote = {•}
}

@TechReport{07tfgMaria,
author = {María Isabel Revilla Izquierdo},
title = {Implementación de reguladores PIDs industriales y reguladores avanzados en microcontroladores },
institution = {Grado de Electrónica Industrial y Automática - Universidad de Burgos},
year = {2018},
OPTkey = {•},
OPTtype = {•},
OPTaddress = {•},
OPTmonth = {•},
OPTnote = {•},
OPTannote = {•}
}


@InBook{08frdmk64f_manual,
author = {Freescale},
ALTeditor = {Freescale},
title = {FRDMK64FUG, FRDM-K64F Freedom Module User’s Guide, Rev. 0.1, 04/2014},
chapter = {2 FRDM-K64F hardware overview},
publisher = {•},
year = {2014},
OPTkey = {•},
OPTvolume = {•},
OPTnumber = {•},
OPTseries = {•},
OPTtype = {•},
OPTaddress = {•},
OPTedition = {•},
OPTmonth = {•},
OPTpages = {•},
OPTnote = {•},
OPTannote = {•}
}

@misc{ web:09scada,
       author = "Wonderware",
       title = "Control y optimización de sistemas",
       year = "2019",
       url = "http://www.wonderware.es/hmi-scada/que-es-scada/",
       note = "[Internet; descargado 13-enero-2019]"
}

@misc{ 10web:scrum,
       author = "Proyectos Ágiles",
       title = "¿Qué es Scrum?",
       year = "2018",
       url = "https://proyectosagiles.org/que-es-scrum/",
       note = "[Internet; descargado 11-enero-2019]"
}

@misc{ web:latex,
       author = "The LaTeX Proyect",
       title = "LaTeX – A document preparation system",
       year = "2019",
       url = "https://es.wikipedia.org/wiki/LaTeX",
       note = "[Internet; descargado 13-enero-2019]"
}

@misc{ web:vsCode,
       author = "Visual Studio Code",
       title = "Visual Studio Code",
       year = "2019",
       url = "\url{https://code.visualstudio.com/}",
       note = "[Internet; descargado 28-enero-2019]"
}

@misc{ web:sqlServer,
       author = "Microsoft",
       title = "SQL Server",
       year = "2019",
       url = "\url{https://www.microsoft.com/es-es/sql-server/sql-server-2017}",
       note = "[Internet; descargado 28-enero-2019]"
}

@misc{ web:visualstudio,
       author = "Microsoft",
       title = "IDE de Visual Studio",
       year = "2019",
       url = "https://visualstudio.microsoft.com/es/vs/features/ide/",
       note = "[Internet; descargado 13-enero-2019]"
}

@misc{ web:Git,
       author = "Git",
       title = "Git --distributed-is-the-new-centralized",
       year = "2018",
       url = "https://git-scm.com/",
       note = "[Internet; descargado 12-enero-2019]"
}

@misc{ web:pomodoro,
       author = "Ehorus",
       title = "Técnica pomodoro: Qué es y cómo puede ayudarte en tu día a día",
       year = "2017",
       url = "https://ehorus.com/es/tecnica-pomodoro/",
       note = "[Internet; descargado 11-enero-2019]"
}

@misc{ web:patronDis,
       author = "Microsoft",
       title = "¿Qué es un patrón de diseño?",
       year = "2018",
       url = "https://msdn.microsoft.com/es-es/library/bb972240.aspx",
       note = "[Internet; descargado 11-enero-2019]"
}